<record><leader>00000cas a22000007a 4500</leader><controlfield tag="001">26960447</controlfield><controlfield tag="008">921112d18651867vauwr ne      0    0eng d</controlfield><datafield ind1=" " ind2=" " tag="010"><subfield code="a">sn 92060554 </subfield></datafield><datafield ind1=" " ind2=" " tag="040"><subfield code="a">YOX</subfield><subfield code="b">eng</subfield><subfield code="c">YOX</subfield><subfield code="d">MGN</subfield><subfield code="d">CNK</subfield><subfield code="d">MGN</subfield><subfield code="d">NVK</subfield><subfield code="d">MGN</subfield><subfield code="d">NVK</subfield><subfield code="d">OCLCQ</subfield><subfield code="d">KRTAS</subfield><subfield code="d">OCLCQ</subfield><subfield code="d">OCLCF</subfield><subfield code="d">OCLCO</subfield><subfield code="d">NVK</subfield></datafield><datafield ind1=" " ind2=" " tag="042"><subfield code="a">msc</subfield></datafield><datafield ind1=" " ind2=" " tag="043"><subfield code="a">n-us-va</subfield></datafield><datafield ind1="0" ind2=" " tag="130"><subfield code="a">New nation (Richmond, Va. : 1865)</subfield></datafield><datafield ind1="1" ind2="4" tag="245"><subfield code="a">The new nation.</subfield></datafield><datafield ind1=" " ind2=" " tag="260"><subfield code="a">Richmond, Va. :</subfield><subfield code="b">James W. Hunnicutt</subfield></datafield><datafield ind1=" " ind2=" " tag="300"><subfield code="a">v.</subfield></datafield><datafield ind1=" " ind2=" " tag="310"><subfield code="a">Weekly</subfield></datafield><datafield ind1="0" ind2=" " tag="362"><subfield code="a">Vol. 1, no. 1 (Oct. 5, 1865)-v. 1, no. 51 (Mar. 14, 1867).</subfield></datafield><datafield ind1=" " ind2=" " tag="500"><subfield code="a">"Devoted to the cause of the Union, freedom, equal rights, education and endless progression. Independent in all things; neutral in nothing."</subfield></datafield><datafield ind1=" " ind2=" " tag="500"><subfield code="a">Publisher: G.J.S. Hunnicutt &amp; Brother, &lt;1866&gt;.</subfield></datafield><datafield ind1=" " ind2=" " tag="500"><subfield code="a">Issues on Virginia Chronicle were provided by the Huntington Library, San Marino, Ca.</subfield></datafield><datafield ind1=" " ind2=" " tag="515"><subfield code="a">Vol. 1, no. 2 issued Mar. 22, 1866.</subfield></datafield><datafield ind1=" " ind2="0" tag="651"><subfield code="a">Richmond (Va.)</subfield><subfield code="v">Newspapers.</subfield></datafield><datafield ind1=" " ind2="7" tag="651"><subfield code="a">Virginia</subfield><subfield code="z">Richmond.</subfield><subfield code="2">fast</subfield><subfield code="0">(OCoLC)fst01205345</subfield></datafield><datafield ind1=" " ind2="7" tag="655"><subfield code="a">Newspapers.</subfield><subfield code="2">fast</subfield><subfield code="0">(OCoLC)fst01423814</subfield></datafield><datafield ind1=" " ind2=" " tag="752"><subfield code="a">United States</subfield><subfield code="b">Virginia</subfield><subfield code="d">Richmond.</subfield></datafield><datafield ind1="0" ind2="0" tag="785"><subfield code="t">Weekly new nation</subfield><subfield code="w">(DLC)sn 93059237</subfield></datafield><datafield ind1="4" ind2="1" tag="856"><subfield code="u">www.virginiachronicle.com</subfield></datafield><datafield ind1=" " ind2=" " tag="938"><subfield code="a">Kirtas Technologies, Inc.</subfield><subfield code="b">KRTS</subfield><subfield code="n">740530</subfield></datafield><datafield ind1="1" ind2=" " tag="029"><subfield code="a">AU@</subfield><subfield code="b">000020725526</subfield></datafield></record>